
@article{Yousef2019LearningMetersArabicEnglish-arxiv,
  title ={Learning Meters of Arabic and English Poems With Recurrent Neural Networks: a Step Forward for Language Understanding and Synthesis},
  author ={Yousef, Waleed A. and Ibrahime, Omar M. and Madbouly, Taha M. and Mahmoud, Moustafa A.},
  journal ={arXiv preprint arXiv:1905.05700},
  year ={2019}
}

@article{Delarosa2021Transformers,
    title = {Transformers analyzing poetry. Multilingual metrical pattern prediction with transfomer-based language models},
    author ={De la Rosa, Javier and {\'A}lvaro P{\'e}rez and De Sisto, Mirella and {Hern{\'a}ndez Lorenzo}, Laura and Aitor Diaz and Salvador Ros and Elena Gonz{\'a}lez-Blanco},
    journal ={Neural Computing and Applications},
    year ={2021}
}

@inproceedings{agirrezabal-etal-2013-zeuscansion,
    title = {ZeuScansion: a tool for scansion of English poetry},
    author = {Agirrezabal, Manex and Arrieta, Bertol and
      Astigarraga, Aitzol and Hulden, Mans},
    year = {2013},
    url = {https://aclanthology.org/W13-1803},
}

@article{kim-2014-convolutional,
    title = {Convolutional Neural Networks for Sentence Classification},
    author = {Kim, Yoon},
    year = {2014},
    doi = {10.3115/v1/D14-1181},
}


 @MISC{PCD2018,
    title  = {Poem Comprehensive Dataset (PCD)},
    author = {Waleed A. Yousef and Omar M. Ibrahime and Taha M. Madbouly 
    and Moustafa A. Mahmoud and Ali H. El-Kassas and Ali O. Hassan and 
    Abdallah R. Albohy},
    year = {2018},
    url    = {https://hci-lab.github.io/ArabicPoetry-1-Private/#PCD}
}

@article{bridge,
    title = {A bridge too far for artificial intelligence?: Automatic 
    classification of stanzas in Spanish poetry},
    author = {Pérez Pozo, Álvaro and de la Rosa, Javier and Ros, 
    Salvador and González-Blanco, Elena and Hernández, Laura and de 
    Sisto, Mirella},  
    journal = {Journal of the Association for Information Science and 
    Technology},
    volume = {73},
    number = {2},
    pages = {258-267},
    doi = {https://doi.org/10.1002/asi.24532},
    year = {2022}
}

@article{LauRythm,
  title={Rhythm May Be Key to Linking Language and Cognition in Young 
  Infants: Evidence From Machine Learning},
  author={Lau, Joseph C. Y. and Fyshe, Alona and Waxman, Sandra R.},   
  journal={Frontiers in Psychology},      
  volume={13},           
  year={2022},      
  doi={10.3389/fpsyg.2022.894405},      
}

@article{LoganRythm,
  title={Computer Analysis of Sound and Meter in Poetry},
  author={Logan, Harry M.},   
  journal={College Literature},      
  volume={15},
  number = {1},
  pages = {19-24},
  year={1988},      
  url={http://www.jstor.org/stable/25111762},      
}

@article{Alberti,
author = {de la Rosa, Javier and Pérez, Álvaro and Ros, Salvador and González-Blanco, Elena},
year = {2023},
title = {ALBERTI, a Multilingual Domain Specific Language Model for Poetry Analysis}
}

@article{Rosa2020RantanplanFA,
  title={Rantanplan, Fast and Accurate Syllabification and Scansion of Spanish Poetry},
  author={Javier de la Rosa and {\'A}lvaro P{\'e}rez and Laura Hern{\'a}ndez and Salvador Ros and Elena Gonz{\'a}lez-Blanco},
  journal={Proces. del Leng. Natural},
  year={2020},
  volume={65},
  pages={83-90},
}

@article{AgirrezabalLTSM,
  author       = {Manex Agirrezabal and
                  I{\~{n}}aki Alegria and
                  Mans Hulden},
  title        = {A Comparison of Feature-Based and Neural Scansion of Poetry},
  journal      = {CoRR},
  volume       = {abs/1711.00938},
  year         = {2017},
 
}

